<?xml version="1.0" encoding="UTF-8"?>
  <record xmlns="http://www.loc.gov/MARC21/slim" type="Authority">
    <leader>00000nz  a2200000nc 4500</leader>
    <controlfield tag="001">118631284</controlfield>
    <controlfield tag="003">DE-101</controlfield>
    <controlfield tag="005">20220311161643.0</controlfield>
    <controlfield tag="008">880701n||azznnaabn           | aaa    |c</controlfield>
    <datafield tag="024" ind1="7" ind2=" ">
      <subfield code="a">118631284</subfield>
      <subfield code="0">http://d-nb.info/gnd/118631284</subfield>
      <subfield code="2">gnd</subfield>
    </datafield>
    <datafield tag="035" ind1=" " ind2=" ">
      <subfield code="a">(DE-101)118631284</subfield>
    </datafield>
    <datafield tag="035" ind1=" " ind2=" ">
      <subfield code="a">(DE-588)118631284</subfield>
    </datafield>
    <datafield tag="035" ind1=" " ind2=" ">
      <subfield code="z">(DE-588)177930772</subfield>
    </datafield>
    <datafield tag="035" ind1=" " ind2=" ">
      <subfield code="z">(DE-588a)177930772</subfield>
      <subfield code="9">v:zg</subfield>
    </datafield>
    <datafield tag="035" ind1=" " ind2=" ">
      <subfield code="z">(DE-588a)118631284</subfield>
      <subfield code="9">v:zg</subfield>
    </datafield>
    <datafield tag="035" ind1=" " ind2=" ">
      <subfield code="z">(DE-588c)4065504-0</subfield>
      <subfield code="9">v:zg</subfield>
    </datafield>
    <datafield tag="040" ind1=" " ind2=" ">
      <subfield code="a">DE-101</subfield>
      <subfield code="c">DE-101</subfield>
      <subfield code="9">r:DE-101</subfield>
      <subfield code="b">ger</subfield>
      <subfield code="d">9999</subfield>
    </datafield>
    <datafield tag="042" ind1=" " ind2=" ">
      <subfield code="a">gnd1</subfield>
    </datafield>
    <datafield tag="043" ind1=" " ind2=" ">
      <subfield code="c">XA-DE</subfield>
    </datafield>
    <datafield tag="065" ind1=" " ind2=" ">
      <subfield code="a">13.4p</subfield>
      <subfield code="2">sswd</subfield>
    </datafield>
    <datafield tag="075" ind1=" " ind2=" ">
      <subfield code="b">p</subfield>
      <subfield code="2">gndgen</subfield>
    </datafield>
    <datafield tag="075" ind1=" " ind2=" ">
      <subfield code="b">piz</subfield>
      <subfield code="2">gndspec</subfield>
    </datafield>
    <datafield tag="079" ind1=" " ind2=" ">
      <subfield code="a">g</subfield>
      <subfield code="q">a</subfield>
      <subfield code="q">f</subfield>
      <subfield code="q">s</subfield>
      <subfield code="q">l</subfield>
      <subfield code="u">r</subfield>
      <subfield code="u">v</subfield>
      <subfield code="u">o</subfield>
    </datafield>
    <datafield tag="100" ind1="1" ind2=" ">
      <subfield code="a">Wening, Michael</subfield>
      <subfield code="d">1645-1718</subfield>
    </datafield>
    <datafield tag="375" ind1=" " ind2=" ">
      <subfield code="a">1</subfield>
      <subfield code="2">iso5218</subfield>
    </datafield>
    <datafield tag="400" ind1="1" ind2=" ">
      <subfield code="a">Wening, Michele</subfield>
      <subfield code="d">1645-1718</subfield>
    </datafield>
    <datafield tag="400" ind1="0" ind2=" ">
      <subfield code="a">M. W.</subfield>
      <subfield code="d">1645-1718</subfield>
    </datafield>
    <datafield tag="400" ind1="1" ind2=" ">
      <subfield code="a">Wenning, Michael</subfield>
      <subfield code="d">1645-1718</subfield>
    </datafield>
    <datafield tag="548" ind1=" " ind2=" ">
      <subfield code="a">1645-1718</subfield>
      <subfield code="4">datl</subfield>
      <subfield code="4">https://d-nb.info/standards/elementset/gnd#dateOfBirthAndDeath</subfield>
      <subfield code="w">r</subfield>
      <subfield code="i">Lebensdaten</subfield>
    </datafield>
    <datafield tag="550" ind1=" " ind2=" ">
      <subfield code="0">(DE-101)041661656</subfield>
      <subfield code="0">(DE-588)4166165-5</subfield>
      <subfield code="0">https://d-nb.info/gnd/4166165-5</subfield>
      <subfield code="a">Kupferstecher</subfield>
      <subfield code="4">berc</subfield>
      <subfield code="4">https://d-nb.info/standards/elementset/gnd#professionOrOccupation</subfield>
      <subfield code="w">r</subfield>
      <subfield code="i">Charakteristischer Beruf</subfield>
    </datafield>
    <datafield tag="667" ind1=" " ind2=" ">
      <subfield code="a">VD-17</subfield>
    </datafield>
    <datafield tag="667" ind1=" " ind2=" ">
      <subfield code="a">12</subfield>
    </datafield>
    <datafield tag="667" ind1=" " ind2=" ">
      <subfield code="a">7</subfield>
    </datafield>
    <datafield tag="667" ind1=" " ind2=" ">
      <subfield code="a">384</subfield>
    </datafield>
    <datafield tag="667" ind1=" " ind2=" ">
      <subfield code="a">Maschinell verknuepft mit DBL-Retro-Titeldaten</subfield>
    </datafield>
    <datafield tag="670" ind1=" " ind2=" ">
      <subfield code="a">Thieme-Becker</subfield>
    </datafield>
    <datafield tag="672" ind1=" " ind2="0">
      <subfield code="a">Geburt, Leben Francisci de Paula</subfield>
      <subfield code="f">1707</subfield>
    </datafield>
    <datafield tag="672" ind1=" " ind2="0">
      <subfield code="a">Historico-topographica descriptio, Das ist: Beschreibung deß Churfürsten*</subfield>
    </datafield>
    <datafield tag="672" ind1=" " ind2="0">
      <subfield code="a">Historico-topographica descriptio, Das ist: Beschreibung deß Churfürsten*. - 1974 - 1977</subfield>
    </datafield>
    <datafield tag="672" ind1=" " ind2="0">
      <subfield code="a">Einzug Kurfürst Max Emanuels und Maria Antonia's von Österreich in Münch*</subfield>
      <subfield code="f">1685</subfield>
    </datafield>
    <datafield tag="672" ind1=" " ind2="0">
      <subfield code="a">Faber, Fortunatus: Neue Himmelsburg</subfield>
      <subfield code="f">1693</subfield>
    </datafield>
    <datafield tag="672" ind1=" " ind2="0">
      <subfield code="a">Faber, Fortunatus: Hochschätzbarer Seelen-Ehrenthron</subfield>
      <subfield code="f">1683</subfield>
    </datafield>
    <datafield tag="672" ind1=" " ind2="0">
      <subfield code="a">Ausführliche Beschreibung derjenigen Solennitäten (!) welche bey ... Her*. - s.a.</subfield>
    </datafield>
    <datafield tag="672" ind1=" " ind2="0">
      <subfield code="a">Historico-topographica descriptio</subfield>
    </datafield>
    <datafield tag="672" ind1=" " ind2="0">
      <subfield code="a">Ausführliche Beschreibung derjenigen Solemitäten, Welche bey ... Josephi Clementis ... Bi*</subfield>
      <subfield code="f">1690</subfield>
    </datafield>
    <datafield tag="672" ind1=" " ind2="0">
      <subfield code="a">Außführliche Beschreibung, derjenigen Solennitäten, welche bey deß Hochwürdigist-Durchleu*</subfield>
      <subfield code="f">1690</subfield>
    </datafield>
    <datafield tag="678" ind1=" " ind2=" ">
      <subfield code="b">Dt. Kupferstecher</subfield>
    </datafield>
    <datafield tag="678" ind1=" " ind2=" ">
      <subfield code="b">Kupferstecher</subfield>
    </datafield>
    <datafield tag="913" ind1=" " ind2=" ">
      <subfield code="S">pnd</subfield>
      <subfield code="i">a</subfield>
      <subfield code="a">Wening, Michael</subfield>
      <subfield code="0">(DE-588a)118631284</subfield>
    </datafield>
    <datafield tag="913" ind1=" " ind2=" ">
      <subfield code="S">pnd</subfield>
      <subfield code="i">a</subfield>
      <subfield code="a">Wening, Michael</subfield>
      <subfield code="0">(DE-588a)177930772</subfield>
    </datafield>
  </record>
